<record><leader>00000cas a2200000 a 4500</leader><controlfield tag="001">11935651</controlfield><controlfield tag="008">850418d19uu1985iluwr ne      0   a0eng c</controlfield><datafield ind1=" " ind2=" " tag="010"><subfield code="a">sn 85009633 </subfield></datafield><datafield ind1=" " ind2=" " tag="040"><subfield code="a">NSD</subfield><subfield code="b">eng</subfield><subfield code="c">NSD</subfield><subfield code="d">NPH</subfield><subfield code="d">NSD</subfield><subfield code="d">NVF</subfield><subfield code="d">OCLCQ</subfield><subfield code="d">NVF</subfield><subfield code="d">OCLCQ</subfield><subfield code="d">NVF</subfield><subfield code="d">OCLCQ</subfield><subfield code="d">OCLCF</subfield><subfield code="d">OCLCO</subfield></datafield><datafield ind1="1" ind2=" " tag="022"><subfield code="a">8750-9253</subfield><subfield code="l">8750-9253</subfield><subfield code="2">1</subfield></datafield><datafield ind1="1" ind2=" " tag="029"><subfield code="a">AU@</subfield><subfield code="b">000026258689</subfield></datafield><datafield ind1=" " ind2=" " tag="042"><subfield code="a">nsdp</subfield><subfield code="a">pcc</subfield></datafield><datafield ind1=" " ind2=" " tag="043"><subfield code="a">n-us-il</subfield></datafield><datafield ind1=" " ind2="0" tag="222"><subfield code="a">West Salem advocate</subfield></datafield><datafield ind1="0" ind2="0" tag="245"><subfield code="a">West Salem advocate.</subfield></datafield><datafield ind1=" " ind2=" " tag="260"><subfield code="a">West Salem, Ill. :</subfield><subfield code="b">W.S. Baichley,</subfield><subfield code="c">-1985.</subfield></datafield><datafield ind1=" " ind2=" " tag="300"><subfield code="a">v.</subfield></datafield><datafield ind1=" " ind2=" " tag="310"><subfield code="a">Weekly</subfield></datafield><datafield ind1="0" ind2=" " tag="362"><subfield code="a">-v. 85, no. 26 (July 29, 1985).</subfield></datafield><datafield ind1=" " ind2=" " tag="500"><subfield code="a">Publisher: Harry E. Bradham, &lt;1985&gt;</subfield></datafield><datafield ind1=" " ind2=" " tag="588"><subfield code="a">Description based on: Vol. 5, no. 1 (Feb. 10, 1904).</subfield></datafield><datafield ind1=" " ind2="0" tag="651"><subfield code="a">West Salem (Ill.)</subfield><subfield code="v">Newspapers.</subfield></datafield><datafield ind1=" " ind2="7" tag="655"><subfield code="a">Newspapers.</subfield><subfield code="2">fast</subfield><subfield code="0">(OCoLC)fst01423814</subfield></datafield><datafield ind1=" " ind2="7" tag="651"><subfield code="a">Illinois</subfield><subfield code="z">West Salem.</subfield><subfield code="2">fast</subfield><subfield code="0">(OCoLC)fst01875517</subfield></datafield><datafield ind1=" " ind2=" " tag="752"><subfield code="a">United States</subfield><subfield code="b">Illinois</subfield><subfield code="c">Edwards</subfield><subfield code="d">West Salem.</subfield></datafield><datafield ind1="0" ind2=" " tag="775"><subfield code="t">Independent times (West Salem, Ill.)</subfield><subfield code="w">(DLC)sn2008060449</subfield><subfield code="w">(OCoLC)244834825</subfield></datafield><datafield ind1="0" ind2="0" tag="785"><subfield code="t">West Salem times advocate</subfield><subfield code="x">0884-8904</subfield><subfield code="w">(DLC)sn 85009317</subfield><subfield code="w">(OCoLC)12495921</subfield></datafield></record>